<?xml version="1.0" encoding="UTF-8"?><record xmlns="http://www.loc.gov/MARC21/slim" xmlns:cinclude="http://apache.org/cocoon/include/1.0" xmlns:zs="http://www.loc.gov/zing/srw/">
  <leader>00398nz  a2200145n  4500</leader>
  <controlfield tag="001">no 95011259 </controlfield>
  <controlfield tag="003">DLC</controlfield>
  <controlfield tag="005">19950311054534.5</controlfield>
  <controlfield tag="008">950310n| acannaab|          |a ana     a</controlfield>
  <datafield tag="010" ind1=" " ind2=" ">
    <subfield code="a">no 95011259 </subfield>
  </datafield>
  <datafield tag="035" ind1=" " ind2=" ">
    <subfield code="a">(OCoLC)oca03790253 </subfield>
  </datafield>
  <datafield tag="040" ind1=" " ind2=" ">
    <subfield code="a">DNAL</subfield>
    <subfield code="c">DNAL</subfield>
  </datafield>
  <datafield tag="110" ind1="2" ind2="0">
    <subfield code="a">St. Lucie Press</subfield>
  </datafield>
  <datafield tag="410" ind1="2" ind2="0">
    <subfield code="a">Saint Lucie Press</subfield>
  </datafield>
  <datafield tag="670" ind1=" " ind2=" ">
    <subfield code="a">Plant nutrition basics, 1994:</subfield>
    <subfield code="b">credits (St. Lucie Press, Delray Beach, FL)</subfield>
  </datafield>
</record>